@article{jia2014caffe,
	author = {Jia, Yangqing and Shelhamer, Evan and Donahue, Jeff and Karayev, Sergey and Long, Jonathan and Girshick, Ross and Guadarrama, Sergio and Darrell, Trevor},
	journal = {arXiv preprint arXiv:1408.5093},
	title = {Caffe: Convolutional Architecture for Fast Feature Embedding},
	year = {2014},
	howpublished={\url{http://caffe.berkeleyvision.org}},
}
